@article{birnstiel2018a,
  author        = {{Birnstiel}, T. and {Dullemond}, Cornelis P. and {Zhu}, Zhaohuan and {Andrews}, Sean M. and {Bai}, Xue-Ning and {Wilner}, David J. and {Carpenter}, John M. and {Huang}, Jane and {Isella}, Andrea and {Benisty}, Myriam and {P{\'e}rez}, Laura M. and {Zhang}, Shangjia},
  title         = {{The Disk Substructures at High Angular Resolution Project (DSHARP). V. Interpreting ALMA Maps of Protoplanetary Disks in Terms of a Dust Model}},
  journal       = {The Astrophysical Journal Letters},
  keywords      = {circumstellar matter, opacity, planets and satellites: formation, protoplanetary disks, scattering, submillimeter: planetary systems, Astrophysics - Solar and Stellar Astrophysics, Astrophysics - Earth and Planetary Astrophysics},
  year          = 2018,
  month         = dec,
  volume        = {869},
  number        = {2},
  eid           = {L45},
  pages         = {L45},
  doi           = {10.3847/2041-8213/aaf743},
  archiveprefix = {arXiv},
  eprint        = {1812.04043},
  primaryclass  = {astro-ph.SR},
  adsurl        = {https://ui.adsabs.harvard.edu/abs/2018ApJ...869L..45B},
  adsnote       = {Provided by the SAO/NASA Astrophysics Data System}
}

@misc{birnstiel2018b,
  author       = {{Birnstiel}, T.},
  title        = {{birnstiel/dsharp\_opac: revised release of package}},
  howpublished = {Zenodo},
  year         = 2018,
  month        = nov,
  eid          = {10.5281/zenodo.1495277},
  doi          = {10.5281/zenodo.1495277},
  version      = {v1.1.0},
  publisher    = {Zenodo},
  adsurl       = {https://ui.adsabs.harvard.edu/abs/2018zndo...1495277B},
  adsnote      = {Provided by the SAO/NASA Astrophysics Data System}
}

@article{delage2023,
  author        = {{Delage}, Timmy N. and {G{\'a}rate}, Mat{\'\i}as and {Okuzumi}, Satoshi and {Yang}, Chao-Chin and {Pinilla}, Paola and {Flock}, Mario and {Stammler}, Sebastian Markus and {Birnstiel}, Tilman},
  title         = {{The impact of dust evolution on the dead zone outer edge in magnetized protoplanetary disks}},
  journal       = {arXiv e-prints},
  keywords      = {Astrophysics - Earth and Planetary Astrophysics, Astrophysics - Solar and Stellar Astrophysics},
  year          = 2023,
  month         = mar,
  eid           = {arXiv:2303.15675},
  pages         = {arXiv:2303.15675},
  doi           = {10.48550/arXiv.2303.15675},
  archiveprefix = {arXiv},
  eprint        = {2303.15675},
  primaryclass  = {astro-ph.EP},
  adsurl        = {https://ui.adsabs.harvard.edu/abs/2023arXiv230315675D},
  adsnote       = {Provided by the SAO/NASA Astrophysics Data System}
}

@misc{dominik2021,
  author        = {{Dominik}, Carsten and {Min}, Michiel and {Tazaki}, Ryo},
  title         = {{OpTool: Command-line driven tool for creating complex dust opacities}},
  keywords      = {Software},
  howpublished  = {Astrophysics Source Code Library, record ascl:2104.010},
  year          = 2021,
  month         = apr,
  eid           = {ascl:2104.010},
  pages         = {ascl:2104.010},
  archiveprefix = {ascl},
  eprint        = {2104.010},
  adsurl        = {https://ui.adsabs.harvard.edu/abs/2021ascl.soft04010D},
  adsnote       = {Provided by the SAO/NASA Astrophysics Data System}
}

@article{drazkowska2016,
  author        = {{Dr{\k{a}}{\.z}kowska}, J. and {Alibert}, Y. and {Moore}, B.},
  title         = {{Close-in planetesimal formation by pile-up of drifting pebbles}},
  journal       = {Astronomy & Astrophysics},
  keywords      = {accretion, accretion disks, circumstellar matter, protoplanetary disks, planets and satellites: formation, methods: numerical, Astrophysics - Earth and Planetary Astrophysics},
  year          = 2016,
  month         = oct,
  volume        = {594},
  eid           = {A105},
  pages         = {A105},
  doi           = {10.1051/0004-6361/201628983},
  archiveprefix = {arXiv},
  eprint        = {1607.05734},
  primaryclass  = {astro-ph.EP},
  adsurl        = {https://ui.adsabs.harvard.edu/abs/2016A&A...594A.105D},
  adsnote       = {Provided by the SAO/NASA Astrophysics Data System}
}

@article{duffell2020,
  author        = {{Duffell}, Paul C.},
  title         = {{An Empirically Derived Formula for the Shape of Planet-induced Gaps in Protoplanetary Disks}},
  journal       = {The Astrophysical Journal},
  keywords      = {Exoplanet formation, Hydrodynamical simulations, Hydrodynamics, Protoplanetary disks, Planet formation, Astrophysical fluid dynamics, 492, 767, 1963, 1300, 1241, 101, Astrophysics - Earth and Planetary Astrophysics, Astrophysics - High Energy Astrophysical Phenomena},
  year          = 2020,
  month         = jan,
  volume        = {889},
  number        = {1},
  eid           = {16},
  pages         = {16},
  doi           = {10.3847/1538-4357/ab5b0f},
  archiveprefix = {arXiv},
  eprint        = {1906.11256},
  primaryclass  = {astro-ph.EP},
  adsurl        = {https://ui.adsabs.harvard.edu/abs/2020ApJ...889...16D},
  adsnote       = {Provided by the SAO/NASA Astrophysics Data System}
}

@misc{dullemond2012,
  author        = {{Dullemond}, C.~P. and {Juhasz}, A. and {Pohl}, A. and {Sereshti}, F. and {Shetty}, R. and {Peters}, T. and {Commercon}, B. and {Flock}, M.},
  title         = {{RADMC-3D: A multi-purpose radiative transfer tool}},
  keywords      = {Software},
  howpublished  = {Astrophysics Source Code Library, record ascl:1202.015},
  year          = 2012,
  month         = feb,
  eid           = {ascl:1202.015},
  pages         = {ascl:1202.015},
  archiveprefix = {ascl},
  eprint        = {1202.015},
  adsurl        = {https://ui.adsabs.harvard.edu/abs/2012ascl.soft02015D},
  adsnote       = {Provided by the SAO/NASA Astrophysics Data System}
}

@article{kanagawa2017,
  author        = {{Kanagawa}, Kazuhiro D. and {Tanaka}, Hidekazu and {Muto}, Takayuki and {Tanigawa}, Takayuki},
  title         = {{Modelling of deep gaps created by giant planets in protoplanetary disks}},
  journal       = {Publications of the Astronomical Society of Japan},
  keywords      = {accretion, accretion disks, planet-disk interactions, planets and satellites: formation, protoplanetary disks, Astrophysics - Earth and Planetary Astrophysics},
  year          = 2017,
  month         = dec,
  volume        = {69},
  number        = {6},
  eid           = {97},
  pages         = {97},
  doi           = {10.1093/pasj/psx114},
  archiveprefix = {arXiv},
  eprint        = {1609.02706},
  primaryclass  = {astro-ph.EP},
  adsurl        = {https://ui.adsabs.harvard.edu/abs/2017PASJ...69...97K},
  adsnote       = {Provided by the SAO/NASA Astrophysics Data System}
}

@article{miller2021,
  author        = {{Miller}, E. and {Marino}, S. and {Stammler}, S.~M. and {Pinilla}, P. and {Lenz}, C. and {Birnstiel}, T. and {Henning}, Th},
  title         = {{The formation of wide exoKuiper belts from migrating dust traps}},
  journal       = {Monthly Notices of the Royal Astronomical Society},
  keywords      = {accretion, accretion discs, planets and satellites: formation, planets and satellites: rings, protoplanetary discs, Astrophysics - Earth and Planetary Astrophysics},
  year          = 2021,
  month         = dec,
  volume        = {508},
  number        = {4},
  pages         = {5638-5656},
  doi           = {10.1093/mnras/stab2935},
  archiveprefix = {arXiv},
  eprint        = {2110.04007},
  primaryclass  = {astro-ph.EP},
  adsurl        = {https://ui.adsabs.harvard.edu/abs/2021MNRAS.508.5638M},
  adsnote       = {Provided by the SAO/NASA Astrophysics Data System}
}

@article{rein2012,
  author        = {{Rein}, H. and {Liu}, S. -F.},
  title         = {{REBOUND: an open-source multi-purpose N-body code for collisional dynamics}},
  journal       = {Astronomy & Astrophysics},
  keywords      = {methods: numerical, planets and satellites: rings, protoplanetary disks, Astrophysics - Earth and Planetary Astrophysics, Astrophysics - Instrumentation and Methods for Astrophysics, Mathematics - Dynamical Systems, Physics - Computational Physics},
  year          = 2012,
  month         = jan,
  volume        = {537},
  eid           = {A128},
  pages         = {A128},
  doi           = {10.1051/0004-6361/201118085},
  archiveprefix = {arXiv},
  eprint        = {1110.4876},
  primaryclass  = {astro-ph.EP},
  adsurl        = {https://ui.adsabs.harvard.edu/abs/2012A&A...537A.128R},
  adsnote       = {Provided by the SAO/NASA Astrophysics Data System}
}

@article{ricci2010,
  author        = {{Ricci}, L. and {Testi}, L. and {Natta}, A. and {Neri}, R. and {Cabrit}, S. and {Herczeg}, G.~J.},
  title         = {{Dust properties of protoplanetary disks in the Taurus-Auriga star forming region from millimeter wavelengths}},
  journal       = {Astronomy & Astrophysics},
  keywords      = {protoplanetary disks, stars: pre-main sequence, planets and satellites: formation, Astrophysics - Earth and Planetary Astrophysics},
  year          = 2010,
  month         = mar,
  volume        = {512},
  eid           = {A15},
  pages         = {A15},
  doi           = {10.1051/0004-6361/200913403},
  archiveprefix = {arXiv},
  eprint        = {0912.3356},
  primaryclass  = {astro-ph.EP},
  adsurl        = {https://ui.adsabs.harvard.edu/abs/2010A&A...512A..15R},
  adsnote       = {Provided by the SAO/NASA Astrophysics Data System}
}

@article{schoonenberg2018,
  author        = {{Schoonenberg}, Djoeke and {Ormel}, Chris W. and {Krijt}, Sebastiaan},
  title         = {{A Lagrangian model for dust evolution in protoplanetary disks: formation of wet and dry planetesimals at different stellar masses}},
  journal       = {Astronomy & Astrophysics},
  keywords      = {planets and satellites: formation, protoplanetary disks, methods: numerical, Astrophysics - Earth and Planetary Astrophysics},
  year          = 2018,
  month         = dec,
  volume        = {620},
  eid           = {A134},
  pages         = {A134},
  doi           = {10.1051/0004-6361/201834047},
  archiveprefix = {arXiv},
  eprint        = {1810.02370},
  primaryclass  = {astro-ph.EP},
  adsurl        = {https://ui.adsabs.harvard.edu/abs/2018A&A...620A.134S},
  adsnote       = {Provided by the SAO/NASA Astrophysics Data System}
}

@article{stammler2019,
  author        = {{Stammler}, Sebastian M. and {Dr{\k{a}}{\.z}kowska}, Joanna and {Birnstiel}, Til and {Klahr}, Hubert and {Dullemond}, Cornelis P. and {Andrews}, Sean M.},
  title         = {{The DSHARP Rings: Evidence of Ongoing Planetesimal Formation?}},
  journal       = {The Astrophysical Journal Letters},
  keywords      = {Circumstellar dust, Dust continuum emission, Gas-to-dust ratio, Astronomical simulations, Protoplanetary disks, Planetesimals, Planet formation, 236, 412, 638, 1857, 1300, 1259, 1241, Astrophysics - Earth and Planetary Astrophysics},
  year          = 2019,
  month         = oct,
  volume        = {884},
  number        = {1},
  eid           = {L5},
  pages         = {L5},
  doi           = {10.3847/2041-8213/ab4423},
  archiveprefix = {arXiv},
  eprint        = {1909.04674},
  primaryclass  = {astro-ph.EP},
  adsurl        = {https://ui.adsabs.harvard.edu/abs/2019ApJ...884L...5S},
  adsnote       = {Provided by the SAO/NASA Astrophysics Data System}
}

@article{stammler2022a,
  author   = {{Stammler}, Sebastian and {Birnstiel}, T.},
  title    = {{Simframe: A Python Framework for Scientific Simulations}},
  journal  = {The Journal of Open Source Software},
  keywords = {Python, Jupyter Notebook, SciPy, NumPy},
  year     = 2022,
  month    = jan,
  volume   = {7},
  number   = {69},
  eid      = {3882},
  pages    = {3882},
  doi      = {10.21105/joss.03882},
  adsurl   = {https://ui.adsabs.harvard.edu/abs/2022JOSS....7.3882S},
  adsnote  = {Provided by the SAO/NASA Astrophysics Data System}
}

@article{stammler2022b,
  author        = {{Stammler}, Sebastian M. and {Birnstiel}, T.},
  title         = {{DustPy: A Python Package for Dust Evolution in Protoplanetary Disks}},
  journal       = {The Astrophysical Journal},
  keywords      = {Protoplanetary disks, Astronomy software, Astronomical simulations, Circumstellar dust, Planet formation, Planetesimals, 1300, 1855, 1857, 236, 1241, 1259, Astrophysics - Earth and Planetary Astrophysics, Astrophysics - Instrumentation and Methods for Astrophysics},
  year          = 2022,
  month         = aug,
  volume        = {935},
  number        = {1},
  eid           = {35},
  pages         = {35},
  doi           = {10.3847/1538-4357/ac7d58},
  archiveprefix = {arXiv},
  eprint        = {2207.00322},
  primaryclass  = {astro-ph.EP},
  adsurl        = {https://ui.adsabs.harvard.edu/abs/2022ApJ...935...35S},
  adsnote       = {Provided by the SAO/NASA Astrophysics Data System}
}

@article{stammler2023,
  author        = {{Stammler}, Sebastian Markus and {Lichtenberg}, Tim and {Dr{\k{a}}{\.z}kowska}, Joanna and {Birnstiel}, Tilman},
  title         = {{Leaky dust traps: How fragmentation impacts dust filtering by planets}},
  journal       = {Astronomy & Astrophysics},
  keywords      = {meteorites, meteors, meteoroids, methods: numerical, protoplanetary disks, planets and satellites: formation, planets and satellites: composition, Astrophysics - Earth and Planetary Astrophysics},
  year          = 2023,
  month         = feb,
  volume        = {670},
  eid           = {L5},
  pages         = {L5},
  doi           = {10.1051/0004-6361/202245512},
  archiveprefix = {arXiv},
  eprint        = {2301.05505},
  primaryclass  = {astro-ph.EP},
  adsurl        = {https://ui.adsabs.harvard.edu/abs/2023A&A...670L...5S},
  adsnote       = {Provided by the SAO/NASA Astrophysics Data System}
}

@article{tamayo2020,
  author        = {{Tamayo}, Daniel and {Rein}, Hanno and {Shi}, Pengshuai and {Hernandez}, David M.},
  title         = {{REBOUNDx: a library for adding conservative and dissipative forces to otherwise symplectic N-body integrations}},
  journal       = {Monthly Notices of the Royal Astronomical Society},
  keywords      = {gravitation, methods: numerical, planets and satellites: dynamical evolution and stability, Astrophysics - Earth and Planetary Astrophysics, Astrophysics - Instrumentation and Methods for Astrophysics},
  year          = 2020,
  month         = jan,
  volume        = {491},
  number        = {2},
  pages         = {2885-2901},
  doi           = {10.1093/mnras/stz2870},
  archiveprefix = {arXiv},
  eprint        = {1908.05634},
  primaryclass  = {astro-ph.EP},
  adsurl        = {https://ui.adsabs.harvard.edu/abs/2020MNRAS.491.2885T},
  adsnote       = {Provided by the SAO/NASA Astrophysics Data System}
}

@article{xu2023,
  author        = {{Xu}, Wenrui and {Armitage}, Philip J.},
  title         = {{Revisiting Collisional Dust Growth in Class 0/I Protostellar Disks: Sweep-up Can Convert a Few 10 M $_{{\ensuremath{\oplus}}}$ of Dust into Kilogram Pebbles in 0.1 Myr}},
  journal       = {The Astrophysical Journal},
  keywords      = {Planet formation, Protoplanetary disks, 1241, 1300, Astrophysics - Earth and Planetary Astrophysics},
  year          = 2023,
  month         = apr,
  volume        = {946},
  number        = {2},
  eid           = {94},
  pages         = {94},
  doi           = {10.3847/1538-4357/acb7e5},
  archiveprefix = {arXiv},
  eprint        = {2302.04711},
  primaryclass  = {astro-ph.EP},
  adsurl        = {https://ui.adsabs.harvard.edu/abs/2023ApJ...946...94X},
  adsnote       = {Provided by the SAO/NASA Astrophysics Data System}
}